<record xmlns:xsi="http://www.w3.org/2001/XMLSchema-instance" xmlns="http://www.loc.gov/MARC21/slim" xsi:schemaLocation="http://www.loc.gov/MARC21/slim http://www.loc.gov/standards/marcxml/schema/MARC21slim.xsd">

  <leader>00544nam a2200157Ia 4500</leader>
  <datafield tag="999" ind1=" " ind2=" ">
    <subfield code="c">1564</subfield>
    <subfield code="d">1564</subfield>
  </datafield>
  <controlfield tag="008">180227b199     m  ||||| |||| 00| | spa d</controlfield>
  <datafield ind2=" " ind1=" " tag="090">
    <subfield code="a">06.02.01 </subfield>
    <subfield code="b">618</subfield>
  </datafield>
  <datafield tag="110" ind2=" " ind1="2">
    <subfield code="a">Sindicato Nacional de Trabajadores de la Educación (SNTE)</subfield>
    <subfield code="9">3416</subfield>
  </datafield>
  <datafield tag="245" ind1="1" ind2="3">
    <subfield code="a">La vinculación de la educación con el aparato productivo del país / </subfield>
    <subfield code="c">Sindicato Nacional de Trabajadores de la Educación (SNTE)</subfield>
  </datafield>
  <datafield ind2=" " ind1=" " tag="260">
    <subfield code="a">México D.F. :  </subfield>
    <subfield code="b">SNTE, </subfield>
    <subfield code="c">1994</subfield>
  </datafield>
  <datafield ind2=" " ind1=" " tag="300">
    <subfield code="a">31 páginas</subfield>
  </datafield>
  <datafield ind1="1" ind2="4" tag="650">
    <subfield code="a">EDUCACIÓN</subfield>
    <subfield code="9">1</subfield>
  </datafield>
  <datafield ind2="4" ind1=" " tag="651">
    <subfield code="a">MÉXICO</subfield>
    <subfield code="9">19</subfield>
  </datafield>
  <datafield ind1=" " ind2=" " tag="711">
    <subfield code="p">Congreso Nacional de Educación (1 : 1994 : México)</subfield>
  </datafield>
  <datafield ind2=" " ind1=" " tag="942">
    <subfield code="2">z</subfield>
    <subfield code="c">01</subfield>
  </datafield>
</record>